% TOPOLOGY
@article{poincare:analysis-situs,
  author = {Henri Poincaré},
  journal = {Journal de l'École Polytechnique},
  number = {2},
  title = {Analysis Situs},
  year = {1895},
  translator = {John Stillwell},
}

@article{poincare:complement,
  author = {Henri Poincaré},
  journal = {Rendiconti del Circolo Matematico di Palermo},
  volume = {18},
  pages = {45-110},
  title = {Cinquième complément à l'analysis situs},
  titleaddon = {Fifth Complement to Analysis Situs},
  issue = {1904},
  year = {2008},
  translator = {John Stillwell},
}

@book{crossley:topology,
  author = {Martin D. Crossley},
  publisher = {Springer},
  title = {Essential Topology},
  year = {2005},
  doi = {10.1007/1-84628-194-6},
}

% GEOMETRY
@book{lee:smooth,
  author         = {Lee J. M.},
  publisher      = {Springer},
  title          = {Introduction to Smooth Manifolds},
  year           = {2013},
  edition        = {Second Edition},
  doi = {10.1007/978-981-99-0565-2},
}

@book{tu:manifolds,
  author         = {Loring W. Tu},
  publisher      = {Springer},
  title          = {An Introduction to Manifolds},
  year           = {2011},
  edition        = {Second Edition},
  doi = {10.1007/978-1-4419-7400-6},
}

@book{lee:riemann,
  author         = {Lee J. M.},
  publisher      = {Springer},
  title          = {Introduction to Riemannian Manifolds},
  year           = {2018},
  edition        = {Second Edition},
  doi = {10.1007/978-3-319-91755-9},
}

% STRINGS
@unpublished{weigand:string,
  author         = {Timo Weigand},
  note           = {Lecture Notes.},
  publisher      = {University of Heidelberg},
  title          = {Introduction to String Theory},
  year           = {2012},
}

@book{polchinski:strings,
  author = {Polchinski, J.},
  publisher = {Cambridge University Press},
  title = {String theory. Vol. 1: An introduction to the bosonic string},
  year = {2007},
  month = {12},
  doi = {10.1017/CBO9780511816079},
  series = {Cambridge Monographs on Mathematical Physics},
}
@article{ricci-flow-renormalization-group,
      title={Ricci Flow from the Renormalization of Nonlinear Sigma Models in the Framework of Euclidean Algebraic Quantum Field Theory}, 
      author={Mauro Carfora and Claudio Dappiaggi and Nicolò Drago and Paolo Rinaldi},
      year={2019},
      eprint={1809.07652},
      archivePrefix={arXiv},
      primaryClass={math-ph},
      url={https://arxiv.org/abs/1809.07652v2}, 
}

@article{Perelman,
  author = {Grisha Perelman},
  title = {Ricci flow with surgery on three-manifolds},
  year = {2003},
  eprint = {math/0303109},
  archivePrefix={arXiv},
  primaryClass={math.DG},
  url={https://arxiv.org/abs/math/0303109},
}

% RICCI FLOW
@article{recentdevelopmentsricciflows,
      title={Recent developments in Ricci flows}, 
      author={Richard H Bamler},
      year={2021},
      eprint={2102.12615},
      archivePrefix={arXiv},
      primaryClass={math.DG},
      url={https://arxiv.org/abs/2102.12615}, 
}

@article{Ni:communitydetectionnetworksricci,
      title={Community Detection on Networks with Ricci Flow}, 
      author={Chien-Chun Ni and Yu-Yao Lin and Feng Luo and Jie Gao},
      year={2019},
      eprint={1907.03993},
      archivePrefix={arXiv},
      primaryClass={cs.SI},
      url={https://arxiv.org/abs/1907.03993}, 
}

@misc{ni2018networkalignmentdiscreteollivierricci,
  title         = {Network Alignment by Discrete Ollivier-Ricci Flow},
  author        = {Chien-Chun Ni and Yu-Yao Lin and Jie Gao and Xianfeng David Gu},
  year          = {2018},
  eprint        = {1809.00320},
  archiveprefix = {arXiv},
  primaryclass  = {cs.SI},
  url           = {https://arxiv.org/abs/1809.00320}
}

@article{ZacharyKarateClubGraph,
  title           = {An Information Flow Model for Conflict and Fission in Small Groups},
  author          = {Wayne W. Zachary},
  year            = {1997},
  journalsubtitle = {The University of Chicago Press Journals},
  url             = {https://doi.org/10.1086/jar.33.4.3629752},
}

@book{theRicciFlowAnIntroduction,
    title = {The Ricci Flow: An Introduction},
    author = {Chow, B. and Knopf, D.},
    isbn = {0-8218-3515-7},
    year = {2004},
    publisher = {American Mathematical Society},
    keywords = {Ricci Flow},
}
  @misc{Ollivier-RicciLib,
  author       = {Ni C.C. and Cruceru C. and Barrett S.},
  title        = {GraphRicciCurvature},
  year         = {2019},
  publisher    = {GitHub},
  journal      = {GitHub repository},
  howpublished = {\url{https://github.com/saibalmars/GraphRicciCurvature.git}},
  commit       = {3fcf12b951540d60dd450998c1c5f8ec3752cd46},
}